@misc{threadpool,
institution = {Wikimedia Foundation, Inc.},
keywords = {D5.1},
mendeley-tags = {D5.1},
title = {{Threadpool Pattern}},
url = {http://en.wikipedia.org/wiki/Thread\_pool\_pattern},
urldate = {2015-02-05},
year = {2014}
}
@misc{sbt,
institution = {Typesafe Inc.},
keywords = {D5.1},
mendeley-tags = {D5.1},
title = {{sbt - The interactive build tool}},
url = {http://www.scala-sbt.org/},
urldate = {2015-02-05},
year = {2014}
}
@misc{gcc,
institution = {Free Software Foundation, Inc.},
keywords = {D5.1},
mendeley-tags = {D5.1},
title = {{GCC, the GNU Compiler Collection}},
url = {https://gcc.gnu.org/},
urldate = {2015-02-05},
year = {2014}
}
@misc{modelsim,
institution = {Mentor Graphics Corporation},
keywords = {D5.1},
mendeley-tags = {D5.1},
title = {{ModelSim - ASIC and FPGA design}},
url = {http://www.mentor.com/products/fpga/simulation/modelsim},
urldate = {2015-02-05},
year = {2014}
}
@misc{kactus2,
institution = {Tampere University of Technology},
keywords = {D5.1},
mendeley-tags = {D5.1},
title = {{Kactus2}},
url = {http://funbase.cs.tut.fi/\#kactus2},
urldate = {2015-02-05},
year = {2014}
}
@misc{ip-xact,
institution = {accellera Systems Initiative},
keywords = {D5.1},
mendeley-tags = {D5.1},
title = {{IP-XACT}},
url = {http://www.accellera.org/activities/committees/ip-xact/},
urldate = {2015-02-05},
year = {2014}
}
@misc{vivado-hls,
institution = {Xilinx, Inc.},
keywords = {D5.1},
mendeley-tags = {D5.1},
title = {{Vivado High-Level Synthesis}},
url = {http://www.xilinx.com/products/design-tools/vivado/integration/esl-design.html},
urldate = {2015-02-05},
year = {2014}
}
@misc{ug900-2014.3,
institution = {Xilinx, Inc.},
keywords = {D5.1},
mendeley-tags = {D5.1},
title = {{Vivado Design Suite User Guide - Logic Simulation}},
url = {http://www.xilinx.com/support/documentation/sw\_manuals/xilinx2014\_3/ug900-vivado-logic-simulation.pdf},
urldate = {2015-02-05},
year = {2014}
}
@misc{vivado,
institution = {Xilinx, Inc.},
keywords = {D5.1},
mendeley-tags = {D5.1},
title = {{Vivado Design Suite}},
url = {http://www.xilinx.com/products/design-tools/vivado.html},
urldate = {2015-02-05},
year = {2015}
}
@misc{scala,
institution = {\'{E}cole Polytechnique F\'{e}d\'{e}rale de Lausanne (EPFL)},
keywords = {D5.1},
mendeley-tags = {D5.1},
title = {{Scala - Object-Oriented Meets Functional}},
url = {http://www.scala-lang.org/},
urldate = {2015-02-05},
year = {2014}
}
@misc{legup,
institution = {University of Toronto},
keywords = {D5.1},
title = {{High-Level Synthesis with LegUp}},
url = {http://legup.eecg.utoronto.ca/},
urldate = {2014-02-05},
year = {2014}
}
@misc{gmake,
institution = {Free Software Foundation, Inc.},
keywords = {D5.1},
mendeley-tags = {D5.1},
title = {{GNU Make}},
url = {http://www.gnu.org/software/make/},
urldate = {2015-02-05},
year = {2014}
}
@misc{ug902,
institution = {Xilinx, Inc.},
keywords = {D5.1},
mendeley-tags = {D5.1},
title = {{Vivado Design Suite User Guide - High-level Synthesis}},
url = {http://www.xilinx.com/support/documentation/sw\_manuals/xilinx2014\_3/ug902-vivado-high-level-synthesis.pdf},
urldate = {2015-02-05},
year = {2014}
}
@misc{ug835,
institution = {Xilinx, Inc.},
keywords = {D5.1},
mendeley-tags = {D5.1},
title = {{Vivado Design Suite User Guide - Tcl Command Reference Guide}},
url = {http://www.xilinx.com/support/documentation/sw\_manuals/xilinx2014\_3/ug835-vivado-tcl-commands.pdf},
urldate = {2014-05-02},
year = {2014}
}
@misc{sv-spec,
institution = {Accellera Organization, Inc.},
keywords = {D5.1},
mendeley-tags = {D5.1},
title = {{SystemVerilog 3.1a Language Reference Manual}},
url = {http://www.eda.org/sv/SystemVerilog\_3.1a.pdf},
urldate = {2014-05-02},
year = {2004}
}
@misc{archlinuxarm,
title = {{archlinux | ARM}},
author = {{ArchLinux Project}},
howpublished = "\url{http://archlinuxarm.org/platforms/armv7/xilinx/zedboard}"
}
